% This file was created with JabRef 2.9.2.
% Encoding: UTF8

@BOOK{Bell2005,
  title = {Reflowl\"oten - Grundlagen, Verfahren, Temperaturprofile und L\"otfehler
	; mit 41 Tabellen},
  publisher = {Leuze},
  year = {2005},
  author = {Bell, Hans},
  address = {Bad Saulgau},
  edition = {1. Aufl.},
  isbn = {978-3-874-80202-4}
}

@MASTERSTHESIS{tablet,
  author = {M. Bogdon AND M. Thielsch AND M. Wagner AND B. Woinowski},
  title = {Tablet Computing},
  school = {Hochschule f\"ur \"Okonomie \& Management Neuss},
  year = {2013},
  type = {Fallstudienarbeit},
  timestamp = {2014.02.01},
  url = {http://winfwiki.wi-fom.de/images/tmp/f1325679742-1428476813.html}
}


@MISC{lm386,
  author = {Texas Instruments},
  title = {LM386},
  howpublished = {Texas Instruments},
  language = {english},
  timestamp = {2014.02.01},
  url = {http://www.ti.com/lit/ds/symlink/lm386.pdf}
}


@MANUAL{spiverilog,
  title = {SPI MASTER SLAVE Verilog Code - SPI Working Modes of Operation - Applications - Advantages Disadvantages]},
  author = {ElecDude ED},
  organization = {ElecDude ED},
  address = {http://www.elecdude.com/},
  edition = {1},
  month = {September},
  year = {2013},
  comment = {Users manual},
  howpublished = {ElecDude ED},
  language = {english},
  url = {http://www.elecdude.com/2013/09/spi-master-slave-verilog-code-spi.html}
}

@MANUAL{hamegHMO,
  title = {350MHz 2[4] Kanal Digital-Oszilloskop HMO3522 [HMO3524]},
  author = {dataTec},
  organization = {dataTec},
  address = {www.datatec.de},
  edition = {2},
  month = {November},
  year = {2013},
  comment = {Users manual},
  howpublished = {dataTec},
  language = {deutsch},
  timestamp = {2014.02.01},
  url = {http://www.datatec.de/shop/artikelpdf/hmo3524_d.pdf}
}

@MISC{fastio,
  author = {Igor Skochinsky},
  title = {FastIO},
  howpublished = {mbed.com},
  language = {english},
  timestamp = {2014.02.01},
  url = {http://mbed.org/users/igorsk/notebook/fast-gpio-with-c-templates/}
}

@MISC{ada2013,
  author = {Adafruit},
  title = {2.8" 18-bit color TFT LCD with touchscreen breakout board - ILI9325},
  howpublished = {adafruit.com},
  language = {english},
  timestamp = {2014.02.01},
  url = {http://www.adafruit.com/products/335}
}

@MISC{tablet_Infra,
  author = {Display Datenbank},
  title = {Touch-Displays, die wichtigsten technischen Grundlagen zum Thema
	Touch},
  howpublished = {Luxion AG},
  language = {Deutsch},
  timestamp = {2014.02.01},
  url = {http://www.displaydatenbank.de/fachartikel/touch-displays-7.html}
}

@MANUAL{rftransform,
  title = {RF Transformer ADT8-1T+/ ADT8-1T},
  author = {Mini-Circuits},
  organization = {Mini-Circuits},
  address = {www.minicircuits.com},
  edition = {C},
  year = {2013},
  comment = {Product data sheet},
  howpublished = {Mini-Circuits},
  language = {english},
  timestamp = {2014.02.01},
  url = {http://217.34.103.131/pdfs/ADT8-1T.pdf}
}

@MANUAL{ad9245,
  title = {AD9245, 14-Bit, 20 MSPS, 40 MSPS, 65 MSPS, 80 MSPS, 3 V A/D Converter},
  author = {Analog Devices},
  organization = {Analog Devices},
  address = {www.analog.com},
  edition = {5},
  year = {2013},
  comment = {Product data sheet},
  howpublished = {Analog Devices},
  language = {english},
  timestamp = {2014.02.01},
  url = {http://www.analog.com/static/imported-files/data_sheets/AD9245.pdf}
}

@MANUAL{ad8351,
  title = {AD8351, Low Distortion Differential RF/IF Amplifier},
  author = {Analog Devices},
  organization = {Analog Devices},
  address = {www.analog.com},
  edition = {2.0},
  year = {2004},
  comment = {Product data sheet},
  howpublished = {Analog Devices},
  language = {english},
  timestamp = {2014.02.01},
  url = {http://www.analog.com/static/imported-files/data_sheets/AD8351.pdf}
}

@MANUAL{ad8018,
  title = {AD8018, 5 V, Rail-to Rail, High-Output Current, xDSL Line Drive Amplifier},
  author = {Analog Devices},
  organization = {Analog Devices},
  address = {www.analog.com},
  edition = {1.0},
  year = {2000},
  comment = {Product data sheet},
  howpublished = {Analog Devices},
  language = {english},
  timestamp = {2014.02.01},
  url = {http://www.analog.com/static/imported-files/data_sheets/AD8018.pdf}
}

@MASTERSTHESIS{elter2001,
  author = {Peter Elter},
  title = {Methoden und System zur nichtinvasiven, kontinuierlichen und belastungsfreien
	Blutdruckmessung},
  school = {Universität Karlsruhe},
  year = {2001},
  type = {Dissertation},
  month = {M\"arz},
  timestamp = {2014.02.01}
}

@MANUAL{flunkePM5139,
  title = {PM5139, Function Generator 0.1 mHz - 20 MHz},
  author = {FLUKE},
  organization = {FLUKE},
  address = {assets.fluke.com},
  edition = {2},
  month = {Februar},
  year = {1999},
  comment = {Users manual},
  howpublished = {FLUKE},
  language = {english},
  timestamp = {2014.02.01},
  url = {https://courses.engr.illinois.edu/ece445/documents/manuals/PM5139_manual.pdf}
}

@MISC{tablet_gnd,
  author = {Anna-Lotta Geyssel},
  title = {Wie funktionieren Touchpad und Touchscreen?},
  howpublished = {Welt der Physik},
  month = {Mai},
  year = {2011},
  language = {Deutsch},
  timestamp = {2014.02.01},
  url = {http://www.weltderphysik.de/thema/hinter-den-dingen/elektronische-geraete/touchpad-und-screen/}
}

@MANUAL{eagle,
  title = {EAGLE, EINFACH ANZUWENDENDER GRAPHISCHER LAYOUT-EDITOR, Handbuch
	Version 6},
  author = {CadSoft Computer GmbH},
  organization = {CadSoft},
  address = {Pleiskirchen},
  edition = {4},
  year = {2013},
  comment = {Handbuch},
  howpublished = {CadSoft},
  language = {deutsch},
  timestamp = {2014.02.01}
}

@MANUAL{ti_tps2115a,
  title = {TPS2114A/TPS2115A, AUTOSWITCHING POWER MUX},
  author = {Texas Instruments},
  organization = {Texas Instruments},
  address = {www.ti.com},
  edition = {SBVS044F},
  month = {Mai},
  year = {2012},
  comment = {User manual},
  howpublished = {Texas Instruments},
  language = {english},
  timestamp = {2014.02.01},
  url = {http://www.ti.com/lit/ds/sbvs044f/sbvs044f.pdf}
}

@BOOK{Klein-Wassink1991,
  title = {Weichl\"oten in der Elektronik},
  publisher = {Leuze},
  year = {1991},
  author = {Klein-Wassink, R. J. AND M\"uller, Berthold F.},
  address = {Bad Saulgau},
  edition = {2. Aufl.},
  isbn = {978-3-874-80066-2}
}

@MISC{lpcxpresso,
  author = {lpcxpresso-support},
  title = {LPCXpresso 7.6.2},
  howpublished = {lpcware},
  year = {2014},
  language = {English},
  timestamp = {2014.10.04},
  url = {http://www.lpcware.com/lpcxpresso/home}
}

@MISC{mikro2009,
  author = {mikroElektronika},
  title = {Webeartikel über Touchscreens},
  howpublished = {mikroElektronika},
  month = {Juli},
  year = {2009},
  language = {English},
  timestamp = {2014.02.01},
  url = {http://www.mikroe.com/products/view/272/touchscreen-article/}
}

@MANUAL{nxp_lpc1768,
  title = {LPC1769/68/67/66/65/64/63, 32-bit ARM Cortex-M3 microcontroller;
	up to 512 kB flash and 64 kB SRAM with Ethernet, USB 2.0 Host/Device/OTG,
	CAN},
  author = {NXP},
  organization = {NXP},
  address = {www.nxp.com},
  edition = {9.3},
  month = {Januar},
  year = {2014},
  comment = {Product data sheet},
  howpublished = {NXP},
  language = {english},
  timestamp = {2014.02.01},
  url = {http://www.nxp.com/documents/data_sheet/LPC1769_68_67_66_65_64_63.pdf}
}

@MANUAL{nxp_um10360,
  title = {UM10360, LPC176X/5X User manual},
  author = {NXP},
  organization = {NXP},
  address = {www.nxp.com},
  edition = {3},
  month = {Dezember},
  year = {2013},
  comment = {User manual},
  howpublished = {NXP},
  language = {english},
  timestamp = {2014.02.01},
  url = {http://www.nxp.com/documents/user_manual/UM10360.pdf}
}

@MANUAL{nxp_dsp,
  title = {AN10913, DSP library for LPC1700 and LPC1300},
  author = {NXP},
  organization = {NXP},
  address = {www.nxp.com},
  edition = {3},
  month = {Juni},
  year = {2010},
  comment = {Application note},
  howpublished = {NXP},
  language = {english},
  timestamp = {2014.02.01},
  url = {http://www.nxp.com/documents/application_note/AN10913.pdf}
}

@MANUAL{nxp_dspfilter,
  title = {AN10934, Using M3 DSP library filter functions},
  author = {NXP},
  organization = {NXP},
  address = {www.nxp.com},
  edition = {1},
  month = {Mai},
  year = {2010},
  comment = {Application note},
  howpublished = {NXP},
  language = {english},
  timestamp = {2014.02.01},
  url = {http://www.nxp.com/documents/application_note/AN10934.pdf}
}

@BOOK{Pschyrembel2004,
  title = {Pschyrembel Klinisches Wörterbuch - },
  publisher = {De Gruyter},
  year = {2004},
  author = {Pschyrembel, Willibald},
  address = {Berlin},
  edition = {261. neu bearb. A.},
  isbn = {978-3-110-17621-6}
}

@BOOK{Rahn2004,
  title = {Bleifrei l\"oten - ein Leitfaden für die Praxis ; 46 Tabellen},
  publisher = {Leuze},
  year = {2004},
  author = {Rahn, Prof. Armin},
  address = {Bad Saulgau},
  edition = {1. Aufl.},
  isbn = {978-3-874-80195-9}
}

@BOOK{Risse2012,
  title = {Fertigungsverfahren der Mechatronik, Feinwerk- und Präzisionsger\"atetechnik
	- },
  publisher = {Springer DE},
  year = {2012},
  author = {Risse, Andreas},
  address = {Berlin},
  edition = {2012. Aufl.},
  isbn = {978-3-834-88312-4}
}

@MISC{mbed,
  author = {Dan Ros},
  title = {mbed.org},
  howpublished = {mbed.org},
  year = {2010},
  language = {English},
  timestamp = {2014.02.01},
  url = {http://mbed.org}
}

@BOOK{Scheel1999,
  title = {Baugruppentechnologie der Elektronik - Montage},
  publisher = {Verlag Technik /Huss Medi},
  year = {1999},
  author = {Scheel, Wolfgang},
  address = {Berlin},
  edition = {2. aktualis. u. erw. A.},
  isbn = {978-3-341-01234-5}
}

@BOOK{Schmidt2009,
  title = {Grundlagen der Leiterplatten-Baugruppen-Entwicklung und Fertigung},
  publisher = {GRIN Verlag},
  year = {2009},
  author = {Schmidt, Wolf-Dieter},
  address = {M\"unchen},
  isbn = {978-3-640-27779-7}
}

@MASTERSTHESIS{stemp2012,
  author = {Sebastian Stemplewitz},
  title = {Entwicklung eines digitalen Ultraschall Multigate-Dopplers zur intravasalen
	Bestimmung des H\"amatokritwertes},
  school = {Hochschule Ulm},
  year = {2012},
  type = {Bachlor Thesis},
  month = {September},
  publisher = {Fakult\"at Mechatronik und Medizintechnik},
  timestamp = {2014.02.01},
  volume = {1}
}

@MASTERSTHESIS{rehn2014,
  author = {Andreas Rehn},
  title = {Entwicklung eines digitalen standalone Ultraschall-Multigate-Doppler-Systems},
  school = {Hochschule Ulm},
  year = {2014},
  type = {Bachlor Thesis},
  month = {Januar},
  publisher = {Fakult\"at Mechatronik und Medizintechnik},
  timestamp = {2015.03.15},
  volume = {1}
}


@MISC{suter2010,
  author = {Prof. Dr. Dieter Suter},
  title = {Ultraschall},
  howpublished = {Universität Dortmund},
  year = {2010},
  language = {English},
  timestamp = {2014.02.01},
  url = {http://e3.physik.uni-dortmund.de/~suter/Vorlesung/Elektronik_SS10/Skript/12_Sensoren.pdf}
}

@MISC{suter2009,
  author = {Prof. Dr. Dieter Suter},
  title = {Ultraschall},
  howpublished = {Universität Dortmund},
  year = {2009},
  language = {English},
  timestamp = {2014.02.01},
  url = {http://e3.physik.uni-dortmund.de/~suter/Vorlesung/Medizinphysik_09/8_Ultraschall.pdf}
}

@MISC{suter2006,
  author = {Prof. Dr. Dieter Suter},
  title = {Ultraschall},
  howpublished = {Universität Dortmund},
  year = {2006},
  language = {English},
  timestamp = {2014.02.01},
  url = {http://e3.physik.uni-dortmund.de/~suter/Vorlesung/Medizinphysik_06/8_Ultraschall.pdf}
}

@MISC{gimp,
  author = {The GIMP Documentation Team},
  title = {GNU Image Manipulation Program},
  howpublished = {The GIMP Documentation Team},
  year = {2013},
  language = {English},
  timestamp = {2014.02.01},
  url = {http://docs.gimp.org/2.8/de/}
}

@MISC{altium,
  author = {Altium Limited},
  title = {Altium Desinger},
  howpublished = {Altium Limited},
  year = {2015},
  language = {English},
  timestamp = {2015.03.15},
  url = {http://www.altium.com/altium-designer/overview}
}

@MISC{ltspice,
  author = {Linear Technology},
  title = {LTspice IV},
  howpublished = {Linear Technology},
  year = {2015},
  month = {Semptember},
  language = {English},
  timestamp = {2015.03.15},
  url = {http://www.linear.com/designtools/software/}
}

@MISC{rohdeFSL3,
  author = {ROHDE & SCHWARZ GmbH & Co. KG},
  title = {FSL3 Spectrum Analyzer, 9 kHz to 3 GHz},
  howpublished = {ROHDE & SCHWARZ GmbH & Co. KG},
  year = {2012},
  timestamp = {2015.09.25},
  url = {http://www.rohde-schwarz.de/product/fsl.html}
}

@MANUAL{bat64,
  title = {BAT64...},
  author = {Infinion},
  organization = {Infinion},
  address = {www.Infinion.com},
  month = {Januar},
  year = {2014},
  comment = {Product data sheet},
  howpublished = {Infinion},
  language = {english},
  timestamp = {2015.03.15},
  url = {http://www.infineon.com/dgdl/Infineon-BAT64SERIES-DS-v01_01-en.pdf?fileId=db3a304314dca3890115191757980ead}
}

@MISC{lattice_adc,
  author = {Lattice Semiconductor Corporation},
  title = {Simple Sigma-Delta ADC},
  howpublished = {Lattice Semiconductor Corporation},
  year = {2015},
  month = {Januar},
  language = {English},
  timestamp = {2015.04.15},
  url = {http://www.latticesemi.com/en/Products/DesignSoftwareAndIP/IntellectualProperty/ReferenceDesigns/ReferenceDesign03/SimpleSigmaDeltaADC.aspx}
}

@MANUAL{machxo2,
  title = {MachXO2™ Family Data Sheet - Data Sheet DS1035},
  author = {Lattice Semiconductor Corporation},
  organization = {Lattice Semiconductor Corporation},
  address = {www.latticesemi.com},
  edition = {3.0},
  year = {2015},
  comment = {Product data sheet},
  howpublished = {Lattice Semiconductor Corporation},
  language = {english},
  timestamp = {2015.03.16},
  url = {http://www.latticesemi.com/~/media/LatticeSemi/Documents/DataSheets/MachXO23/MachXO2FamilyDataSheet.pdf}
}